Scopus
EXPORT DATE: 10 May 2012

@CONFERENCE{Mayrand1996244,
author={Mayrand, Jean, Leblanc, Claude, Merlo, Ettore M.},
title={Experiment on the automatic detection of function clones in a software system using metrics},
journal={Conference on Software Maintenance},
year={1996},
pages={244-253},
note={cited By (since 1996) 98},
url={http://www.scopus.com/inward/record.url?eid=2-s2.0-0030407014&partnerID=40&md5=c7a20f95478b5ce522e7eb380db10ebf},
document_type={Conference Paper},
source={Scopus},
}
