Scopus
EXPORT DATE: 23 April 2012

@ARTICLE{Kamiya2002654,
author={Kamiya, T., Kusumoto, S., Inoue, K.},
title={CCFinder: A multilinguistic token-based code clone detection system for large scale source code},
journal={IEEE Transactions on Software Engineering},
year={2002},
volume={28},
number={7},
pages={654-670},
note={cited By (since 1996) 307},
url={http://www.scopus.com/inward/record.url?eid=2-s2.0-0036648690&partnerID=40&md5=d9e59fdcacd316e05344b5ef19543427},
document_type={Article},
source={Scopus},
}
