Scopus
EXPORT DATE: 26 April 2012

@CONFERENCE{Baxter1998368,
author={Baxter, Ira D., Yahin, Andrew, Moura, Leonardo, Sant'Anna, Marcelo, Bier, Lorraine},
title={Clone detection using abstract syntax trees},
journal={Conference on Software Maintenance},
year={1998},
pages={368-377},
note={cited By (since 1996) 192},
url={http://www.scopus.com/inward/record.url?eid=2-s2.0-0032311601&partnerID=40&md5=bd98e99117ba7fbee02bd8f5e5ca50d2},
document_type={Conference Paper},
source={Scopus},
}
