Scopus
EXPORT DATE: 8 May 2012

@CONFERENCE{Juergens2009485,
author={Juergens, E., Deissenboeck, F., Hummel, B., Wagner, S.},
title={Do code clones matter?},
journal={Proceedings - International Conference on Software Engineering},
year={2009},
pages={485-495},
art_number={5070547},
note={cited By (since 1996) 34},
url={http://www.scopus.com/inward/record.url?eid=2-s2.0-73449090740&partnerID=40&md5=5dc426c7a00d6b68e3f86337bcc84117},
document_type={Conference Paper},
source={Scopus},
}
