Scopus
EXPORT DATE: 24 April 2012

@CONFERENCE{Engler200157,
author={Engler, D., Chen, D.Y., Hallem, S., Chou, A., Chelf, B.},
title={Bugs as deviant behavior: A general approach to inferring errors in systems code},
journal={Operating Systems Review (ACM)},
year={2001},
volume={35},
number={5},
pages={57-72},
note={cited By (since 1996) 56},
url={http://www.scopus.com/inward/record.url?eid=2-s2.0-0036041420&partnerID=40&md5=a4b2d2e58e956aa555d88961ec862e6d},
document_type={Article},
source={Scopus},
}
