Scopus
EXPORT DATE: 26 April 2012

@ARTICLE{Li2006176,
author={Li, Z., Lu, S., Myagmar, S., Zhou, Y.},
title={CP-Miner: Finding copy-paste and related bugs in large-scale software code},
journal={IEEE Transactions on Software Engineering},
year={2006},
volume={32},
number={3},
pages={176-192},
note={cited By (since 1996) 104},
url={http://www.scopus.com/inward/record.url?eid=2-s2.0-33645819206&partnerID=40&md5=fc506b00dd3befd8eaeeabf8dff718eb},
document_type={Article},
source={Scopus},
}
