Scopus
EXPORT DATE: 26 April 2012

@CONFERENCE{Jiang200796,
author={Jiang, L., Misherghi, G., Su, Z., Glondu, S.},
title={DECKARD: Scalable and accurate tree-based detection of code clones},
journal={Proceedings - International Conference on Software Engineering},
year={2007},
pages={96-105},
art_number={4222572},
note={cited By (since 1996) 48},
url={http://www.scopus.com/inward/record.url?eid=2-s2.0-34548767669&partnerID=40&md5=9a75d1a529e560a47bb04720d1fc9fc4},
document_type={Conference Paper},
source={Scopus},
}
