Scopus
EXPORT DATE: 24 April 2012

@CONFERENCE{Gabel2010175,
author={Gabel, M., Yang, J., Yu, Y., Goldszmidt, M., Su, Z.},
title={Scalable and systematic detection of buggy inconsistencies in source code},
journal={Proceedings of the Conference on Object-Oriented Programming Systems, Languages, and Applications, OOPSLA},
year={2010},
pages={175-190},
note={cited By (since 1996) 0},
url={http://www.scopus.com/inward/record.url?eid=2-s2.0-78650078104&partnerID=40&md5=b6d450d019381b7a315940727628d71a},
document_type={Conference Paper},
source={Scopus},
}
