Scopus
EXPORT DATE: 26 April 2012

@CONFERENCE{Kim2005187,
author={Kim, M., Sazawal, V., Notkin, D., Murphy, G.C.},
title={An empirical study of code clone genealogies},
journal={ESEC/FSE'05 - Proceedings of the Joint 10th European Software Engineering Conference (ESEC) and 13th ACM SIGSOFT Symposium on the Foundations of Software Engineering (FSE-13)},
year={2005},
pages={187-196},
note={cited By (since 1996) 93},
url={http://www.scopus.com/inward/record.url?eid=2-s2.0-32344450436&partnerID=40&md5=563c6ca1aa4c1dcdd01fe3c97af1bc2e},
document_type={Conference Paper},
source={Scopus},
}
