Scopus
EXPORT DATE: 26 April 2012

@CONFERENCE{Baker199586,
author={Baker, Brenda S.},
title={On finding duplication and near-duplication in large software systems},
journal={Reverse Engineering - Working Conference Proceedings},
year={1995},
pages={86-95},
note={cited By (since 1996) 27},
url={http://www.scopus.com/inward/record.url?eid=2-s2.0-0029222025&partnerID=40&md5=cd968953e6b68ad4a99a7a73ee61492d},
document_type={Conference Paper},
source={Scopus},
}
