Scopus
EXPORT DATE: 10 May 2012

@CONFERENCE{Ducasse1999109,
author={Ducasse, Stephane, Rieger, Matthias, Demeyer, Serge},
title={Language independent approach for detecting duplicated code},
journal={Conference on Software Maintenance},
year={1999},
pages={109-118},
note={cited By (since 1996) 113},
url={http://www.scopus.com/inward/record.url?eid=2-s2.0-0033308732&partnerID=40&md5=dbb02472e09782f6d8a0f6fb0872475d},
document_type={Conference Paper},
source={Scopus},
}
