Scopus
EXPORT DATE: 23 April 2012

@CONFERENCE{Li2005306,
author={Li, Z., Zhou, Y.},
title={PR-miner: Automatically extracting implicit programming rules and detecting violations in large software code},
journal={ESEC/FSE'05 - Proceedings of the Joint 10th European Software Engineering Conference (ESEC) and 13th ACM SIGSOFT Symposium on the Foundations of Software Engineering (FSE-13)},
year={2005},
pages={306-315},
note={cited By (since 1996) 75},
url={http://www.scopus.com/inward/record.url?eid=2-s2.0-32344452883&partnerID=40&md5=dfba295ab62f40a691733e421b195741},
document_type={Conference Paper},
source={Scopus},
}
