Scopus
EXPORT DATE: 10 May 2012

@CONFERENCE{Balazinska1999292,
author={Balazinska, Magdalena, Merlo, Ettore, Dagenais, Michel, Lague, Bruno, Kontogiannis, Kostas},
title={Measuring clone based reengineering opportunities},
journal={International Software Metrics Symposium, Proceedings},
year={1999},
pages={292-303},
note={cited By (since 1996) 14},
url={http://www.scopus.com/inward/record.url?eid=2-s2.0-0033353188&partnerID=40&md5=e7193eccd7a7bbed88c70561489af000},
document_type={Conference Paper},
source={Scopus},
}
