% This file was created with JabRef 2.7b.
% Encoding: UTF-8

@CONFERENCE{Baker1995,
  author = {Baker, Brenda S.},
  title = {On finding duplication and near-duplication in large software systems},
  year = {1995},
  pages = {86-95},
  document_type = {Conference Paper},
  journal = {Reverse Engineering - Working Conference Proceedings},
  owner = {yeameen},
  source = {Scopus},
  timestamp = {2012.04.26},
  url = {http://www.scopus.com/inward/record.url?eid=2-s2.0-0029222025&partnerID=40&md5=cd968953e6b68ad4a99a7a73ee61492d}
}

@CONFERENCE{Balazinska1999,
  author = {Balazinska, Magdalena, Merlo, Ettore, Dagenais, Michel, Lague, Bruno,
	Kontogiannis, Kostas},
  title = {Measuring clone based reengineering opportunities},
  year = {1999},
  pages = {292-303},
  note = {cited By (since 1996) 14},
  __markedentry = {[yeameen:6]},
  document_type = {Conference Paper},
  journal = {International Software Metrics Symposium, Proceedings},
  owner = {yeameen},
  source = {Scopus},
  timestamp = {2012.05.10},
  url = {http://www.scopus.com/inward/record.url?eid=2-s2.0-0033353188&partnerID=40&md5=e7193eccd7a7bbed88c70561489af000}
}

@CONFERENCE{Baxter1998,
  author = {Baxter, Ira D., Yahin, Andrew, Moura, Leonardo, Sant'Anna, Marcelo,
	Bier, Lorraine},
  title = {Clone detection using abstract syntax trees},
  year = {1998},
  pages = {368-377},
  document_type = {Conference Paper},
  journal = {Conference on Software Maintenance},
  owner = {yeameen},
  source = {Scopus},
  timestamp = {2012.04.26},
  url = {http://www.scopus.com/inward/record.url?eid=2-s2.0-0032311601&partnerID=40&md5=bd98e99117ba7fbee02bd8f5e5ca50d2}
}

@CONFERENCE{Ducasse1999,
  author = {Ducasse, Stephane, Rieger, Matthias, Demeyer, Serge},
  title = {Language independent approach for detecting duplicated code},
  year = {1999},
  pages = {109-118},
  note = {cited By (since 1996) 113},
  document_type = {Conference Paper},
  journal = {Conference on Software Maintenance},
  owner = {yeameen},
  source = {Scopus},
  timestamp = {2012.05.10},
  url = {http://www.scopus.com/inward/record.url?eid=2-s2.0-0033308732&partnerID=40&md5=dbb02472e09782f6d8a0f6fb0872475d}
}

@CONFERENCE{Engler2001,
  author = {Engler, D., Chen, D.Y., Hallem, S., Chou, A., Chelf, B.},
  title = {Bugs as deviant behavior: A general approach to inferring errors
	in systems code},
  year = {2001},
  volume = {35},
  number = {5},
  pages = {57-72},
  document_type = {Article},
  journal = {Operating Systems Review (ACM)},
  owner = {yeameen},
  source = {Scopus},
  timestamp = {2012.04.26},
  url = {http://www.scopus.com/inward/record.url?eid=2-s2.0-0036041420&partnerID=40&md5=a4b2d2e58e956aa555d88961ec862e6d}
}

@CONFERENCE{Gabel2010,
  author = {Gabel, M., Yang, J., Yu, Y., Goldszmidt, M., Su, Z.},
  title = {Scalable and systematic detection of buggy inconsistencies in source
	code},
  year = {2010},
  pages = {175-190},
  document_type = {Conference Paper},
  journal = {Proceedings of the Conference on Object-Oriented Programming Systems,
	Languages, and Applications, OOPSLA},
  owner = {yeameen},
  source = {Scopus},
  timestamp = {2012.04.26},
  url = {http://www.scopus.com/inward/record.url?eid=2-s2.0-78650078104&partnerID=40&md5=b6d450d019381b7a315940727628d71a}
}

@CONFERENCE{Jiang2007,
  author = {Jiang, L., Misherghi, G., Su, Z., Glondu, S.},
  title = {DECKARD: Scalable and accurate tree-based detection of code clones},
  year = {2007},
  pages = {96-105},
  art_number = {4222572},
  document_type = {Conference Paper},
  journal = {Proceedings - International Conference on Software Engineering},
  owner = {yeameen},
  source = {Scopus},
  timestamp = {2012.04.26},
  url = {http://www.scopus.com/inward/record.url?eid=2-s2.0-34548767669&partnerID=40&md5=9a75d1a529e560a47bb04720d1fc9fc4}
}

@CONFERENCE{Juergens2009,
  author = {Juergens, E., Deissenboeck, F., Hummel, B., Wagner, S.},
  title = {Do code clones matter?},
  year = {2009},
  pages = {485-495},
  note = {cited By (since 1996) 34},
  art_number = {5070547},
  document_type = {Conference Paper},
  journal = {Proceedings - International Conference on Software Engineering},
  owner = {yeameen},
  source = {Scopus},
  timestamp = {2012.05.08},
  url = {http://www.scopus.com/inward/record.url?eid=2-s2.0-73449090740&partnerID=40&md5=5dc426c7a00d6b68e3f86337bcc84117}
}

@ARTICLE{Kamiya2002,
  author = {Kamiya, T., Kusumoto, S., Inoue, K.},
  title = {CCFinder: A multilinguistic token-based code clone detection system
	for large scale source code},
  journal = {IEEE Transactions on Software Engineering},
  year = {2002},
  volume = {28},
  pages = {654-670},
  number = {7},
  document_type = {Article},
  owner = {yeameen},
  source = {Scopus},
  timestamp = {2012.04.26},
  url = {http://www.scopus.com/inward/record.url?eid=2-s2.0-0036648690&partnerID=40&md5=d9e59fdcacd316e05344b5ef19543427}
}

@CONFERENCE{Kim2005,
  author = {Kim, M., Sazawal, V., Notkin, D., Murphy, G.C.},
  title = {An empirical study of code clone genealogies},
  year = {2005},
  pages = {187-196},
  document_type = {Conference Paper},
  journal = {ESEC/FSE'05 - Proceedings of the Joint 10th European Software Engineering
	Conference (ESEC) and 13th ACM SIGSOFT Symposium on the Foundations
	of Software Engineering (FSE-13)},
  owner = {yeameen},
  source = {Scopus},
  timestamp = {2012.04.26},
  url = {http://www.scopus.com/inward/record.url?eid=2-s2.0-32344450436&partnerID=40&md5=563c6ca1aa4c1dcdd01fe3c97af1bc2e}
}

@ARTICLE{Li2006,
  author = {Li, Z., Lu, S., Myagmar, S., Zhou, Y.},
  title = {CP-Miner: Finding copy-paste and related bugs in large-scale software
	code},
  journal = {IEEE Transactions on Software Engineering},
  year = {2006},
  volume = {32},
  pages = {176-192},
  number = {3},
  document_type = {Article},
  owner = {yeameen},
  source = {Scopus},
  timestamp = {2012.04.26},
  url = {http://www.scopus.com/inward/record.url?eid=2-s2.0-33645819206&partnerID=40&md5=fc506b00dd3befd8eaeeabf8dff718eb}
}

@CONFERENCE{Mayrand1996,
  author = {Mayrand, Jean, Leblanc, Claude, Merlo, Ettore M.},
  title = {Experiment on the automatic detection of function clones in a software
	system using metrics},
  year = {1996},
  pages = {244-253},
  note = {cited By (since 1996) 98},
  __markedentry = {[yeameen:]},
  document_type = {Conference Paper},
  journal = {Conference on Software Maintenance},
  owner = {yeameen},
  source = {Scopus},
  timestamp = {2012.05.10},
  url = {http://www.scopus.com/inward/record.url?eid=2-s2.0-0030407014&partnerID=40&md5=c7a20f95478b5ce522e7eb380db10ebf}
}

@comment{jabref-meta: selector_publisher:}

@comment{jabref-meta: selector_author:}

@comment{jabref-meta: selector_journal:}

@comment{jabref-meta: selector_keywords:}

